%% Hier kann im Feld "author" der Autor eingetragen werden, der im Literaturverzeichnis hervorgehoben werden soll.
%% Dazu muss beim Einbinden von agrosy.cls der Parameter "boldauthor" gesetzt werden.

@BoldAuthor{BoldAuthor,
  author =	 {Karsten Berns}, 
  year = {1900}
}