

@misc{WWWBibTex,
  key          = {BibTex},
  title        = {Help on BibTex},
  howpublished = {\url{http://www.nwalsh.com/tex/texhelp/BibTeX.html}},
  year         = {2003}
}

@misc{WWWPospiech,
  key          = {Pospiech},
  title        = {Linkssammlung zu \LaTeX\ von Matthias Pospiech},
  howpublished = {\url{http://maitre.physik.uni-kl.de/~pospiech/}},
  year         = {2003}
}

@misc{WWWMikTex,
  key          = {MikTex},
  title        = {MikTex Project Page},
  howpublished = {\url{http://www.miktex.org}},
  year         = {2003}
}

@misc{WWWDante,
  key          = {Dante},
  title        = {DANTE, Deutschsprachige Anwendervereinigung TeX
                  e.V.},
  howpublished = {\url{http://www.dante.de}},
  year         = {2003}
}

@book{Lamport95,
  author    = {Leslie Lamport},
  title     = {Das LaTeX-Handbuch},
  publisher = {Addison-Wesley},
  year      = {1995}
}

@book{Goossens96,
  author    = {Michel Goossens and Frank Mittelbach and Alexander
               Samarin},
  title     = {Der LaTeX-Begleiter},
  publisher = {Addison-Wesley},
  year      = {1996}
}

%%%%%%%%%%%%%%%%%%%% Beispiele

%% Ein Beispiel (für einen Artikel in einer Zeitschrift):
@article{Albiez03,
  author  = {J. Albiez and T. Luksch and K. Berns and R. Dillmann},
  title   = {An Activation-Based Behavior Control Architecture for Walking Machines},
  journal = {The International Journal on Robotics Research, Sage Publications},
  year    = {2003},
  volume  = {22},
  pages   = {203--211}
}

%% Noch ein Beispiel (für ein Paper):
@inproceedings{Berns06,
  author    = {K. Berns and J. Hirth},
  title     = {Control of facial expressions of the humanoid robot head ROMAN},
  booktitle = {IEEE/RSJ International Conference on Intelligent Robots and Systems (IROS)},
  year      = {2006},
  pages     = {3119--3124},
  address   = {Beijing, China},
  month     = {October 9--15}
}

%% Noch ein Beispiel (ein Kapitel in einem Buch, in dem verschiedene Autoren verschiedene Kapitel geschrieben haben):
@incollection{Ilg99,
  author    = {W. Ilg and T. Muehlfriedel and K. Berns and  R. Dillmann},
  title     = {Hybrid learning concepts for a biological inspired control of periodic movements  for  walking machines},
  booktitle = {Soft Computing in Mechatronics},
  year      = {1999},
  pages     = {19--38},
  publisher = {Springer Verlag},
  editor    = {K.Hirota and T. Fukuda},
  month     = {August}
}

%% Noch ein Beispiel (die Proceedings einer Konferenz):
@proceedings{Berns07,
  title     = {Autonome Mobile Systeme 2007},
  publisher = {Springer},
  year      = {2007},
  editor    = {K. Berns and T. Luksch},
  series    = {Informatik aktuell},
  address   = {Kaiserslautern},
  month     = {October 18--19}
}

%% Noch ein Beispiel (ein Buch):
@book{Arkin98,
  author    = {R. Arkin},
  title     = {Behavior-Based Robotics},
  year      = {1998},
  publisher = {MIT Press},
  address   = {Cambridge, USA}
}

%% Noch ein Beispiel (ein Kapitel in einem Buch - das Kapitel ist von dem Buch-Autor):
@inbook{Mendel70,
  author    = {J.M. Mendel and R.W. McLaren},
  title     = {Adaptive Learning and Pattern Recognition Systems: Theory and Applications},
  chapter   = {Reinforcement learning control and pattern recognition systems},
  publisher = {Academic Press, New York},
  year      = {1970},
  pages     = {287--318}
}

%% Noch ein Beispiel (eine Doktorarbeit):
@phdthesis{Breazeal00,
  author = {C.L. Breazeal},
  title  = {Sociable Machines: Expressive Social Exchange Between Humans and Robots},
  school = {Massachusetts Institute Of Technology},
  year   = {2000},
  month  = {May}
}

%% Noch ein Beispiel (eine Diplomarbeit; Projektarbeiten werden genauso eingeragen nur mit 'Project' statt 'Diploma'):
@mastersthesis{Luksch02,
  author = {T. Luksch},
  title  = {Verhaltensbasierte freie Gangart f\"{u}r eine vierbeinige Laufmaschine},
  school = {Universit\"{a}t Karlsruhe, Forschungszentrum Informatik (FZI) Karlsruhe},
  year   = {2002},
  type   = {Diploma Thesis, unpublished},
  month  = {August}
}

%% Noch ein Beispiel (ein technischer Bericht):
@techreport{Schaefer03,
  author      = {J. Brandt and H. Sch\"{a}fer},
  title       = {SmoothBrake --- A Prototyping Case Study},
  institution = {Robotics Research Lab - Technische Universit\"{a}t Kaiserslautern},
  year        = {2003},
  type        = {Technical Report, unpublished}
}
